% find the format for bib at https://web.mit.edu/rsi/www/pdfs/bibtex-format.pdf
% find bit styling from https://www.youtube.com/watch?v=E6pfvp4SIPY
% cite into using command \cite{unique key}

@article{high-speed-flight,
	title={Learning high-speed flight in the wild},
	volume={6},
	ISSN={2470-9476},
	url={http://dx.doi.org/10.1126/scirobotics.abg5810},
	DOI={10.1126/scirobotics.abg5810},
	number={59},
	journal={Science Robotics},
	publisher={American Association for the Advancement of Science (AAAS)},
	author={Loquercio, Antonio and Kaufmann, Elia and Ranftl, René and Müller, Matthias and Koltun, Vladlen and Scaramuzza, Davide},
	year={2021},
	month={Oct}
}

 @misc{receding_horizon,
 	title={Code Generation for Receding Horizon Control},
 	url={https://web.stanford.edu/~boyd/papers/pdf/code_gen_rhc_msc.pdf},
 	journal={Stanford.edu},
 	publisher={2010 IEEE International Symposium on Computer-Aided Control System Design Part of 2010 IEEE Multi-Conference on Systems and Control Yokohama, Japan, September 8-10, 2010}, author={Mattingley, Jacob and Wang, Yang and Boyd, Stephen}, 
 	year={2010}
 }